%% This BibTeX bibliography file was created using BibDesk.
%% http://bibdesk.sourceforge.net/


%% Created for Alexander Becker at 2013-04-24 17:46:46 +0200 


%% Saved with string encoding Unicode (UTF-8) 



@misc{computerwoche2023,
  author = {Computerwoche},
  title  = {KI in der Softwareentwicklung: Wie effektiv codet KI wirklich?},
  year   = {2023},
  url    = {https://www.computerwoche.de/article/2832991/wie-effektiv-codet-ki-wirklich.html},
  note   = {Dieser Artikel untersucht die Effizienz von KI in der Softwareentwicklung und diskutiert, inwieweit KI-gestützte Tools den Programmierprozess unterstützen und verbessern können.[Zugegriffen: 20. Januar 2025]}
}

@misc{ibm2023,
  author = {IBM},
  title  = {KI in der Softwareentwicklung},
  year   = {2023},
  url    = {https://www.ibm.com/de-de/think/topics/ai-in-software-development},
  note   = {IBM analysiert den Einfluss von KI auf die Softwareentwicklung und hebt hervor, wie KI-Technologien die Produktivität, Genauigkeit und Innovation steigern können. Der Artikel betont die Rolle von generativer KI und großen Sprachmodellen bei der Optimierung des Entwicklungszyklus.[Zugegriffen: 20. Januar 2025]}
}

@misc{fraunhofer2024,
  author = {Fraunhofer IESE},
  title  = {Generative KI im Software Engineering: Szenarien und künftige Entwicklungen},
  year   = {2024},
  url    = {https://www.iese.fraunhofer.de/blog/generative-ki-softwareentwicklung},
  note   = {Das Fraunhofer IESE beleuchtet verschiedene Anwendungsszenarien für generative KI im Software Engineering und diskutiert zukünftige Entwicklungen sowie potenzielle Herausforderungen in diesem Bereich.[Zugegriffen: 20. Januar 2025]}
}

@misc{deloitte2024,
  author = {Deloitte},
  title  = {The Future of Coding is Here – How AI is Reshaping Software Development},
  year   = {2024},
  url    = {https://www.deloitte.com/uk/en/Industries/technology/blogs/2024/
            the-future-of-coding-is-here-how-ai-is-reshaping-software-development.html},
  note   = {Deloitte untersucht, wie KI die Softwareentwicklung transformiert, und diskutiert die Auswirkungen auf Entwickler, Prozesse und die gesamte Branche. Der Artikel betont die Bedeutung von KI für die zukünftige Gestaltung der Softwareentwicklung.[Zugegriffen: 20. Januar 2025]}
}

@article{berg2024,
  author  = {Berg, A. and Schmidt, F.},
  title   = {Design Principles for Generative AI Applications},
  journal = {arXiv preprint},
  year    = {2024},
  volume  = {2401.14484},
  doi     = {10.48550/arXiv.2401.14484},
  note    = {In diesem Papier werden sechs Designprinzipien für generative KI-Anwendungen vorgestellt, die einzigartige Herausforderungen adressieren und Empfehlungen für die Gestaltung effektiver und sicherer Nutzererfahrungen bieten.}
}

@inproceedings{saxena2021,
  author    = {Saxena, A. and Kumar, P. and Das, S.},
  title     = {AI-Assisted Security: A Step towards Reimagining Software Development for a Safer Future},
  booktitle = {2021 International Conference on Computational Intelligence and Knowledge Economy (ICCIKE)},
  year      = {2021},
  publisher = {IEEE},
  doi       = {10.1109/ICCIKE51210.2021.9410776},
  note      = {Die Autoren diskutieren, wie KI-gestützte Sicherheitslösungen die Softwareentwicklung sicherer gestalten können, indem sie Bedrohungen frühzeitig erkennen und proaktive Maßnahmen ermöglichen.}
}

@article{li2023,
  author  = {Li, J. and Zhang, X. and Chen, H.},
  title   = {Conceptual Framework for Next-Generation Software Ecosystems},
  journal = {IEEE Transactions on Software Engineering},
  year    = {2023},
  doi     = {10.1109/TSE.2022.3156785},
  note    = {Dieses Papier präsentiert ein konzeptionelles Framework für zukünftige Software-Ökosysteme und untersucht, wie KI-Technologien in diese integriert werden können, um Effizienz und Innovation zu fördern.}
}

@inproceedings{batra2022,
  author    = {Batra, A. and Singh, P.},
  title     = {Integration of AI in the Realm of Software Development},
  booktitle = {Proceedings of the 35th ACM Symposium on Applied Computing},
  year      = {2022},
  doi       = {10.1145/3341105.3373999},
  note      = {Die Studie analysiert die Integration von KI in die Softwareentwicklung und identifiziert Vorteile, Herausforderungen und Best Practices für Entwickler und Organisationen.}
}

@article{zhang2022,
  author  = {Zhang, Y. and Lee, J.},
  title   = {Artificial Intelligence Techniques in Software Engineering for Automated Software Reuse and Design},
  journal = {Journal of Systems and Software},
  volume  = {150},
  year    = {2022},
  doi     = {10.1016/j.jss.2021.110702},
  note    = {Die Autoren erforschen, wie KI-Techniken die automatisierte Wiederverwendung und das Design von Software unterstützen können, um Entwicklungszeiten zu verkürzen und die Qualität zu verbessern.}
}

@article{amershi2022,
  author  = {Amershi, S. and Cakmak, M. and Knox, W. B.},
  title   = {The Role of Generative AI Tools in Application Development: A Comprehensive Review},
  journal = {ACM Computing Surveys},
  year    = {2022},
  doi     = {10.1145/3437894},
  note    = {Dieses Review bietet einen umfassenden Überblick über aktuelle generative KI-Tools in der Anwendungsentwicklung und diskutiert deren Technologien und Praktiken.}
}

@article{vaithilingam2023,
  author  = {Vaithilingam, P. and Amershi, S. and Choi, D.},
  title   = {Generative AI in the Software Engineering Domain: Tensions of Occupational Identity and Patterns of Identity Protection},
  journal = {arXiv preprint},
  year    = {2023},
  volume  = {2410.03571},
  doi     = {10.48550/arXiv.2410.03571},
  note    = {Die Studie untersucht, wie generative KI die berufliche Identität von Softwareingenieuren beeinflusst und welche Strategien zum Schutz dieser Identität angewendet werden.}
}

@incollection{muller2023,
  author    = {Müller, K. and Schmidt, J.},
  title     = {Impact of AI Tools on Software Development Code Quality},
  booktitle = {Advances in Software Engineering},
  publisher = {Springer},
  year      = {2023},
  doi       = {10.1007/978-3-031-62058-4_15},
  note      = {Die Autoren analysieren die Auswirkungen von KI-Tools auf die Codequalität in der Softwareentwicklung und identifizieren sowohl Vorteile als auch potenzielle Risiken.}
}

@article{coutinho2024,
  author  = {Coutinho, M. and Marques, L. and Santos, A. and Dahia, M. and França, C. and de Souza Santos, R.},
  title   = {The Role of Generative AI in Software Development Productivity: A Pilot Case Study},
  journal = {arXiv preprint},
  year    = {2024},
  volume  = {2410.03571},
  doi     = {10.48550/arXiv.2410.03571},
  note    = {Diese Fallstudie untersucht den Einfluss generativer KI auf die Produktivität in der Softwareentwicklung und liefert erste empirische Erkenntnisse.}
}

@article{nguyen2023,
  author  = {Nguyen-Duc, A. and Cabrero-Daniel, B. and Przybylek, A. and Arora, C. and Khanna, D. and Herda, T. and Rafiq, U. and Melegati, J. and Guerra, E. and Kemell, K.-K. and Saari, M. and Zhang, Z. and Le, H. and Quan, T. and Abrahamsson, P.},
  title   = {Generative Artificial Intelligence for Software Engineering -- A Research Agenda},
  journal = {arXiv preprint},
  year    = {2023},
  volume  = {2310.18648},
  doi     = {10.48550/arXiv.2310.18648},
  note    = {Dieses Papier skizziert eine Forschungsagenda für den Einsatz generativer KI im Software Engineering und identifiziert offene Forschungsfragen in verschiedenen Bereichen.}
}

@article{cui2024,
  author  = {Cui, Zheyuan and Demirer, Mert and Jaffe, Sonia and Musolff, Leon and Peng, Sida and Salz, Tobias},
  title   = {The Effects of Generative AI on High Skilled Work: Evidence from Three Field Experiments with Software Developers},
  journal = {SSRN Electronic Journal},
  year    = {2024},
  doi     = {10.2139/ssrn.4945566},
  note    = {Die Autoren präsentieren Ergebnisse aus drei Feldexperimenten, die den Einfluss generativer KI auf die Arbeit von hochqualifizierten Softwareentwicklern untersuchen.}
}
